@ARTICLE{2019AJ....158..171M,
       author = {{Malz}, A.~I. and {Hlo{\v{z}}ek}, R. and {Allam}, T., Jr. and
         {Bahmanyar}, A. and {Biswas}, R. and {Dai}, M. and {Galbany}, L. and
         {Ishida}, E.~E.~O. and {Jha}, S.~W. and {Jones}, D.~O. and
         {Kessler}, R. and {Lochner}, M. and {Mahabal}, A.~A. and {Mand
        el}, K.~S. and {Mart{\'\i}nez-Galarza}, J.~R. and {McEwen}, J.~D. and
         {Muthukrishna}, D. and {Narayan}, G. and {Peiris}, H. and
         {Peters}, C.~M. and {Ponder}, K. and {Setzer}, C.~N. and
         {(the LSST Dark Energy Science Collaboration} and
         {LSST Transients}, the and {Variable Stars Science Collaboration}},
        title = "{The Photometric LSST Astronomical Time-series Classification Challenge PLAsTiCC: Selection of a Performance Metric for Classification Probabilities Balancing Diverse Science Goals}",
      journal = {\aj},
     keywords = {methods: data analysis, methods: statistical, stars: variables: general, supernovae: general, surveys, techniques: photometric, Astrophysics - Instrumentation and Methods for Astrophysics, Astrophysics - Cosmology and Nongalactic Astrophysics, Astrophysics - Solar and Stellar Astrophysics},
         year = "2019",
        month = "Nov",
       volume = {158},
       number = {5},
          eid = {171},
        pages = {171},
          doi = {10.3847/1538-3881/ab3a2f},
archivePrefix = {arXiv},
       eprint = {1809.11145},
 primaryClass = {astro-ph.IM},
       adsurl = {https://ui.adsabs.harvard.edu/abs/2019AJ....158..171M},
      adsnote = {Provided by the SAO/NASA Astrophysics Data System}
}

@ARTICLE{2019arXiv190811523D,
       author = {{Dalmasso}, Niccol{\`o} and {Pospisil}, Taylor and {Lee}, Ann B. and
         {Izbicki}, Rafael and {Freeman}, Peter E. and {Malz}, Alex I.},
        title = "{Conditional Density Estimation Tools in Python and R with Applications to Photometric Redshifts and Likelihood-Free Cosmological Inference}",
      journal = {arXiv e-prints},
     keywords = {Astrophysics - Instrumentation and Methods for Astrophysics, Statistics - Computation, Statistics - Machine Learning},
         year = "2019",
        month = "Aug",
          eid = {arXiv:1908.11523},
        pages = {arXiv:1908.11523},
archivePrefix = {arXiv},
       eprint = {1908.11523},
 primaryClass = {astro-ph.IM},
       adsurl = {https://ui.adsabs.harvard.edu/abs/2019arXiv190811523D},
      adsnote = {Provided by the SAO/NASA Astrophysics Data System}
}

@ARTICLE{2019ApJ...881...80L,
       author = {{Leistedt}, Boris and {Hogg}, David W. and {Wechsler}, Risa H. and
         {DeRose}, Joe},
        title = "{Hierarchical Modeling and Statistical Calibration for Photometric Redshifts}",
      journal = {\apj},
     keywords = {galaxies: distances and redshifts, galaxies: photometry, galaxies: statistics, large-scale structure of universe, Astrophysics - Cosmology and Nongalactic Astrophysics},
         year = "2019",
        month = "Aug",
       volume = {881},
       number = {1},
          eid = {80},
        pages = {80},
          doi = {10.3847/1538-4357/ab2d29},
archivePrefix = {arXiv},
       eprint = {1807.01391},
 primaryClass = {astro-ph.CO},
       adsurl = {https://ui.adsabs.harvard.edu/abs/2019ApJ...881...80L},
      adsnote = {Provided by the SAO/NASA Astrophysics Data System}
}

@ARTICLE{2019ApJ...872..115V,
       author = {{Vakili}, Mohammadjavad and {Hahn}, ChangHoon},
        title = "{How Are Galaxies Assigned to Halos? Searching for Assembly Bias in the SDSS Galaxy Clustering}",
      journal = {\apj},
     keywords = {galaxies: halos, large-scale structure of universe, Astrophysics - Cosmology and Nongalactic Astrophysics},
         year = "2019",
        month = "Feb",
       volume = {872},
       number = {1},
          eid = {115},
        pages = {115},
          doi = {10.3847/1538-4357/aaf1a1},
archivePrefix = {arXiv},
       eprint = {1610.01991},
 primaryClass = {astro-ph.CO},
       adsurl = {https://ui.adsabs.harvard.edu/abs/2019ApJ...872..115V},
      adsnote = {Provided by the SAO/NASA Astrophysics Data System}
}

@ARTICLE{2019MNRAS.482.3696C,
       author = {{Chang}, Chihway and {Wang}, Michael and {Dodelson}, Scott and
         {Eifler}, Tim and {Heymans}, Catherine and {Jarvis}, Michael and
         {Jee}, M. James and {Joudaki}, Shahab and {Krause}, Elisabeth and
         {Malz}, Alex and {Mandelbaum}, Rachel and {Mohammed}, Irshad and
         {Schneider}, Michael and {Simet}, Melanie and {Troxel}, Michael A. and
         {Zuntz}, Joe and {LSST Dark Energy Science Collaboration}},
        title = "{A unified analysis of four cosmic shear surveys}",
      journal = {\mnras},
     keywords = {gravitational lensing: weak, surveys, cosmological parameters, cosmology: observations, Astrophysics - Cosmology and Nongalactic Astrophysics},
         year = "2019",
        month = "Jan",
       volume = {482},
       number = {3},
        pages = {3696-3717},
          doi = {10.1093/mnras/sty2902},
archivePrefix = {arXiv},
       eprint = {1808.07335},
 primaryClass = {astro-ph.CO},
       adsurl = {https://ui.adsabs.harvard.edu/abs/2019MNRAS.482.3696C},
      adsnote = {Provided by the SAO/NASA Astrophysics Data System}
}

@ARTICLE{2018ApJ...867..101B,
       author = {{Bonaca}, Ana and {Hogg}, David W.},
        title = "{The Information Content in Cold Stellar Streams}",
      journal = {\apj},
     keywords = {dark matter, Galaxy: halo, Galaxy: kinematics and dynamics, methods: statistical, Astrophysics - Astrophysics of Galaxies},
         year = "2018",
        month = "Nov",
       volume = {867},
       number = {2},
          eid = {101},
        pages = {101},
          doi = {10.3847/1538-4357/aae4da},
archivePrefix = {arXiv},
       eprint = {1804.06854},
 primaryClass = {astro-ph.GA},
       adsurl = {https://ui.adsabs.harvard.edu/abs/2018ApJ...867..101B},
      adsnote = {Provided by the SAO/NASA Astrophysics Data System}
}

@ARTICLE{2018AJ....156..145A,
       author = {{Anderson}, Lauren and {Hogg}, David W. and {Leistedt}, Boris and
         {Price-Whelan}, Adrian M. and {Bovy}, Jo},
        title = "{Improving Gaia Parallax Precision with a Data-driven Model of Stars}",
      journal = {\aj},
     keywords = {catalogs, Hertzsprung─Russell and C─M diagrams, methods: statistical, parallaxes, Astrophysics - Astrophysics of Galaxies},
         year = "2018",
        month = "Oct",
       volume = {156},
       number = {4},
          eid = {145},
        pages = {145},
          doi = {10.3847/1538-3881/aad7bf},
archivePrefix = {arXiv},
       eprint = {1706.05055},
 primaryClass = {astro-ph.GA},
       adsurl = {https://ui.adsabs.harvard.edu/abs/2018AJ....156..145A},
      adsnote = {Provided by the SAO/NASA Astrophysics Data System}
}

@ARTICLE{2018AJ....156...35M,
       author = {{Malz}, A.~I. and {Marshall}, P.~J. and {DeRose}, J. and
         {Graham}, M.~L. and {Schmidt}, S.~J. and {Wechsler}, R. and
         {(LSST Dark Energy Science Collaboration}},
        title = "{Approximating Photo-z PDFs for Large Surveys}",
      journal = {\aj},
     keywords = {astronomical databases: miscellaneous, catalogs, galaxies: distances and redshifts, methods: miscellaneous, methods: statistical, Astrophysics - Instrumentation and Methods for Astrophysics},
         year = "2018",
        month = "Jul",
       volume = {156},
       number = {1},
          eid = {35},
        pages = {35},
          doi = {10.3847/1538-3881/aac6b5},
archivePrefix = {arXiv},
       eprint = {1806.00014},
 primaryClass = {astro-ph.IM},
       adsurl = {https://ui.adsabs.harvard.edu/abs/2018AJ....156...35M},
      adsnote = {Provided by the SAO/NASA Astrophysics Data System}
}

@ARTICLE{2018AJ....156...18P,
       author = {{Price-Whelan}, Adrian M. and {Hogg}, David W. and {Rix}, Hans-Walter and
         {De Lee}, Nathan and {Majewski}, Steven R. and {Nidever}, David L. and
         {Troup}, Nicholas and {Fern{\'a}ndez-Trincado}, Jos{\'e} G. and
         {Garc{\'\i}a-Hern{\'a}ndez}, Domingo A. and
         {Longa-Pe{\~n}a}, Pen{\'e}lope and {Nitschelm}, Christian and
         {Sobeck}, Jennifer and {Zamora}, Olga},
        title = "{Binary Companions of Evolved Stars in APOGEE DR14: Search Method and Catalog of {\ensuremath{\sim}}5000 Companions}",
      journal = {\aj},
     keywords = {binaries: spectroscopic, methods: data analysis, methods: statistical, planets and satellites: fundamental parameters, surveys, techniques: radial velocities, Astrophysics - Solar and Stellar Astrophysics},
         year = "2018",
        month = "Jul",
       volume = {156},
       number = {1},
          eid = {18},
        pages = {18},
          doi = {10.3847/1538-3881/aac387},
archivePrefix = {arXiv},
       eprint = {1804.04662},
 primaryClass = {astro-ph.SR},
       adsurl = {https://ui.adsabs.harvard.edu/abs/2018AJ....156...18P},
      adsnote = {Provided by the SAO/NASA Astrophysics Data System}
}

@ARTICLE{2018ApJS..236...11H,
       author = {{Hogg}, David W. and {Foreman-Mackey}, Daniel},
        title = "{Data Analysis Recipes: Using Markov Chain Monte Carlo}",
      journal = {\apjs},
     keywords = {methods: data analysis, methods: numerical, methods: statistical, Astrophysics - Instrumentation and Methods for Astrophysics, Physics - Data Analysis, Statistics and Probability, Statistics - Computation},
         year = "2018",
        month = "May",
       volume = {236},
       number = {1},
          eid = {11},
        pages = {11},
          doi = {10.3847/1538-4365/aab76e},
archivePrefix = {arXiv},
       eprint = {1710.06068},
 primaryClass = {astro-ph.IM},
       adsurl = {https://ui.adsabs.harvard.edu/abs/2018ApJS..236...11H},
      adsnote = {Provided by the SAO/NASA Astrophysics Data System}
}

@ARTICLE{2018arXiv180407766H,
       author = {{Hogg}, David W},
        title = "{A likelihood function for the Gaia Data}",
      journal = {arXiv e-prints},
     keywords = {Astrophysics - Instrumentation and Methods for Astrophysics, Astrophysics - Solar and Stellar Astrophysics},
         year = "2018",
        month = "Apr",
          eid = {arXiv:1804.07766},
        pages = {arXiv:1804.07766},
archivePrefix = {arXiv},
       eprint = {1804.07766},
 primaryClass = {astro-ph.IM},
       adsurl = {https://ui.adsabs.harvard.edu/abs/2018arXiv180407766H},
      adsnote = {Provided by the SAO/NASA Astrophysics Data System}
}

@ARTICLE{2018ApJ...857..114W,
       author = {{Widmark}, Axel and {Leistedt}, Boris and {Hogg}, David W.},
        title = "{Inferring Binary and Trinary Stellar Populations in Photometric and Astrometric Surveys}",
      journal = {\apj},
     keywords = {astrometry, binaries: general, stars: statistics, Astrophysics - Solar and Stellar Astrophysics, Astrophysics - Astrophysics of Galaxies},
         year = "2018",
        month = "Apr",
       volume = {857},
       number = {2},
          eid = {114},
        pages = {114},
          doi = {10.3847/1538-4357/aab7ee},
archivePrefix = {arXiv},
       eprint = {1801.08547},
 primaryClass = {astro-ph.SR},
       adsurl = {https://ui.adsabs.harvard.edu/abs/2018ApJ...857..114W},
      adsnote = {Provided by the SAO/NASA Astrophysics Data System}
}

@ARTICLE{2018ApJ...853..198N,
       author = {{Ness}, M. and {Rix}, H. -W. and {Hogg}, David W. and {Casey}, A.~R. and
         {Holtzman}, J. and {Fouesneau}, M. and {Zasowski}, G. and
         {Geisler}, D. and {Shetrone}, M. and {Minniti}, D. and
         {Frinchaboy}, Peter M. and {Roman-Lopes}, Alexandre},
        title = "{Galactic Doppelg{\"a}ngers: The Chemical Similarity Among Field Stars and Among Stars with a Common Birth Origin}",
      journal = {\apj},
     keywords = {Galaxy: abundances, Galaxy: disk, Galaxy: formation, methods: statistical, open clusters and associations: individual: abundances, stars: abundances, Astrophysics - Solar and Stellar Astrophysics, Astrophysics - Astrophysics of Galaxies},
         year = "2018",
        month = "Feb",
       volume = {853},
       number = {2},
          eid = {198},
        pages = {198},
          doi = {10.3847/1538-4357/aa9d8e},
archivePrefix = {arXiv},
       eprint = {1701.07829},
 primaryClass = {astro-ph.SR},
       adsurl = {https://ui.adsabs.harvard.edu/abs/2018ApJ...853..198N},
      adsnote = {Provided by the SAO/NASA Astrophysics Data System}
}

@ARTICLE{2017MNRAS.472.4144V,
       author = {{Vakili}, Mohammadjavad and {Kitaura}, Francisco-Shu and {Feng}, Yu and
         {Yepes}, Gustavo and {Zhao}, Cheng and {Chuang}, Chia-Hsun and
         {Hahn}, ChangHoon},
        title = "{Accurate halo-galaxy mocks from automatic bias estimation and particle mesh gravity solvers}",
      journal = {\mnras},
     keywords = {distance scale, large-scale structure of Universe, Astrophysics - Cosmology and Nongalactic Astrophysics},
         year = "2017",
        month = "Dec",
       volume = {472},
       number = {4},
        pages = {4144-4154},
          doi = {10.1093/mnras/stx2184},
archivePrefix = {arXiv},
       eprint = {1701.03765},
 primaryClass = {astro-ph.CO},
       adsurl = {https://ui.adsabs.harvard.edu/abs/2017MNRAS.472.4144V},
      adsnote = {Provided by the SAO/NASA Astrophysics Data System}
}

@ARTICLE{2017AJ....154..222L,
       author = {{Leistedt}, Boris and {Hogg}, David W.},
        title = "{Hierarchical Probabilistic Inference of the Color-Magnitude Diagram and Shrinkage of Stellar Distance Uncertainties}",
      journal = {\aj},
     keywords = {Hertzsprung─Russell and C─M diagrams, methods: statistical, stars: distances, Astrophysics - Solar and Stellar Astrophysics, Astrophysics - Astrophysics of Galaxies, Astrophysics - Instrumentation and Methods for Astrophysics},
         year = "2017",
        month = "Dec",
       volume = {154},
       number = {6},
          eid = {222},
        pages = {222},
          doi = {10.3847/1538-3881/aa91d5},
archivePrefix = {arXiv},
       eprint = {1703.08112},
 primaryClass = {astro-ph.SR},
       adsurl = {https://ui.adsabs.harvard.edu/abs/2017AJ....154..222L},
      adsnote = {Provided by the SAO/NASA Astrophysics Data System}
}

@ARTICLE{2017MNRAS.471..722H,
       author = {{Hawkins}, Keith and {Leistedt}, Boris and {Bovy}, Jo and
         {Hogg}, David W.},
        title = "{Red clump stars and Gaia: calibration of the standard candle using a hierarchical probabilistic model}",
      journal = {\mnras},
     keywords = {Stars: distances, Stars: fundamental parameters, Stars: statistics, Astrophysics - Astrophysics of Galaxies, Astrophysics - Solar and Stellar Astrophysics},
         year = "2017",
        month = "Oct",
       volume = {471},
       number = {1},
        pages = {722-729},
          doi = {10.1093/mnras/stx1655},
archivePrefix = {arXiv},
       eprint = {1705.08988},
 primaryClass = {astro-ph.GA},
       adsurl = {https://ui.adsabs.harvard.edu/abs/2017MNRAS.471..722H},
      adsnote = {Provided by the SAO/NASA Astrophysics Data System}
}

@ARTICLE{2017arXiv171002428W,
       author = {{Wang}, Dun and {Hogg}, David W. and {Foreman-Mackey}, Daniel and
         {Sch{\"o}lkopf}, Bernhard},
        title = "{A pixel-level model for event discovery in time-domain imaging}",
      journal = {arXiv e-prints},
     keywords = {Astrophysics - Instrumentation and Methods for Astrophysics},
         year = "2017",
        month = "Oct",
          eid = {arXiv:1710.02428},
        pages = {arXiv:1710.02428},
archivePrefix = {arXiv},
       eprint = {1710.02428},
 primaryClass = {astro-ph.IM},
       adsurl = {https://ui.adsabs.harvard.edu/abs/2017arXiv171002428W},
      adsnote = {Provided by the SAO/NASA Astrophysics Data System}
}

@ARTICLE{2017MNRAS.469.2791H,
       author = {{Hahn}, ChangHoon and {Vakili}, Mohammadjavad and {Walsh}, Kilian and
         {Hearin}, Andrew P. and {Hogg}, David W. and {Campbell}, Duncan},
        title = "{Approximate Bayesian computation in large-scale structure: constraining the galaxy-halo connection}",
      journal = {\mnras},
     keywords = {methods: data analysis, methods: statistical, galaxies: haloes, dark matter, large-scale structure of Universe, Astrophysics - Cosmology and Nongalactic Astrophysics},
         year = "2017",
        month = "Aug",
       volume = {469},
       number = {3},
        pages = {2791-2805},
          doi = {10.1093/mnras/stx894},
archivePrefix = {arXiv},
       eprint = {1607.01782},
 primaryClass = {astro-ph.CO},
       adsurl = {https://ui.adsabs.harvard.edu/abs/2017MNRAS.469.2791H},
      adsnote = {Provided by the SAO/NASA Astrophysics Data System}
}

@ARTICLE{2017AJ....153..257O,
       author = {{Oh}, Semyeong and {Price-Whelan}, Adrian M. and {Hogg}, David W. and
         {Morton}, Timothy D. and {Spergel}, David N.},
        title = "{Comoving Stars in Gaia DR1: An Abundance of Very Wide Separation Comoving Pairs}",
      journal = {\aj},
     keywords = {binaries: visual, methods: statistical, open clusters and associations: general, parallaxes, proper motions, stars: formation, Astrophysics - Solar and Stellar Astrophysics, Astrophysics - Astrophysics of Galaxies},
         year = "2017",
        month = "Jun",
       volume = {153},
       number = {6},
          eid = {257},
        pages = {257},
          doi = {10.3847/1538-3881/aa6ffd},
archivePrefix = {arXiv},
       eprint = {1612.02440},
 primaryClass = {astro-ph.SR},
       adsurl = {https://ui.adsabs.harvard.edu/abs/2017AJ....153..257O},
      adsnote = {Provided by the SAO/NASA Astrophysics Data System}
}

@ARTICLE{2017ApJ...838....5L,
       author = {{Leistedt}, Boris and {Hogg}, David W.},
        title = "{Data-driven, Interpretable Photometric Redshifts Trained on Heterogeneous and Unrepresentative Data}",
      journal = {\apj},
     keywords = {galaxies: distances and redshifts, large-scale structure of universe, 98.62.Py, 98.80.Es, Astrophysics - Cosmology and Nongalactic Astrophysics},
         year = "2017",
        month = "Mar",
       volume = {838},
       number = {1},
          eid = {5},
        pages = {5},
          doi = {10.3847/1538-4357/aa6332},
archivePrefix = {arXiv},
       eprint = {1612.00847},
 primaryClass = {astro-ph.CO},
       adsurl = {https://ui.adsabs.harvard.edu/abs/2017ApJ...838....5L},
      adsnote = {Provided by the SAO/NASA Astrophysics Data System}
}

@ARTICLE{2017ApJ...837...20P,
       author = {{Price-Whelan}, Adrian M. and {Hogg}, David W. and
         {Foreman-Mackey}, Daniel and {Rix}, Hans-Walter},
        title = "{The Joker: A Custom Monte Carlo Sampler for Binary-star and Exoplanet Radial Velocity Data}",
      journal = {\apj},
     keywords = {binaries: spectroscopic, methods: data analysis, methods: statistical, planets and satellites: fundamental parameters, surveys, techniques: radial velocities, Astrophysics - Solar and Stellar Astrophysics, Astrophysics - Earth and Planetary Astrophysics},
         year = "2017",
        month = "Mar",
       volume = {837},
       number = {1},
          eid = {20},
        pages = {20},
          doi = {10.3847/1538-4357/aa5e50},
archivePrefix = {arXiv},
       eprint = {1610.07602},
 primaryClass = {astro-ph.SR},
       adsurl = {https://ui.adsabs.harvard.edu/abs/2017ApJ...837...20P},
      adsnote = {Provided by the SAO/NASA Astrophysics Data System}
}

@ARTICLE{2016ApJ...833..262H,
       author = {{Hogg}, David W. and {Casey}, Andrew R. and {Ness}, Melissa and
         {Rix}, Hans-Walter and {Foreman-Mackey}, Daniel and
         {Hasselquist}, Sten and {Ho}, Anna Y.~Q. and {Holtzman}, Jon A. and
         {Majewski}, Steven R. and {Martell}, Sarah L. and
         {M{\'e}sz{\'a}ros}, Szabolcs and {Nidever}, David L. and
         {Shetrone}, Matthew},
        title = "{Chemical Tagging Can Work: Identification of Stellar Phase-space Structures Purely by Chemical-abundance Similarity}",
      journal = {\apj},
     keywords = {Galaxy: abundances, Galaxy: stellar content, Galaxy: structure, globular clusters: general, open clusters and associations: general, stars: abundances, Astrophysics - Astrophysics of Galaxies, Astrophysics - Solar and Stellar Astrophysics},
         year = "2016",
        month = "Dec",
       volume = {833},
       number = {2},
          eid = {262},
        pages = {262},
          doi = {10.3847/1538-4357/833/2/262},
archivePrefix = {arXiv},
       eprint = {1601.05413},
 primaryClass = {astro-ph.GA},
       adsurl = {https://ui.adsabs.harvard.edu/abs/2016ApJ...833..262H},
      adsnote = {Provided by the SAO/NASA Astrophysics Data System}
}

@ARTICLE{2016arXiv161005873V,
       author = {{Vakili}, Mohammadjavad and {Hogg}, David W.},
        title = "{Do fast stellar centroiding methods saturate the Cram{\'e}r-Rao lower bound?}",
      journal = {arXiv e-prints},
     keywords = {Astrophysics - Instrumentation and Methods for Astrophysics},
         year = "2016",
        month = "Oct",
          eid = {arXiv:1610.05873},
        pages = {arXiv:1610.05873},
archivePrefix = {arXiv},
       eprint = {1610.05873},
 primaryClass = {astro-ph.IM},
       adsurl = {https://ui.adsabs.harvard.edu/abs/2016arXiv161005873V},
      adsnote = {Provided by the SAO/NASA Astrophysics Data System}
}

@ARTICLE{2016arXiv160303040C,
       author = {{Casey}, Andrew R. and {Hogg}, David W. and {Ness}, Melissa and
         {Rix}, Hans-Walter and {Ho}, Anna Q Y and {Gilmore}, Gerry},
        title = "{The Cannon 2: A data-driven model of stellar spectra for detailed chemical abundance analyses}",
      journal = {arXiv e-prints},
     keywords = {Astrophysics - Solar and Stellar Astrophysics},
         year = "2016",
        month = "Mar",
          eid = {arXiv:1603.03040},
        pages = {arXiv:1603.03040},
archivePrefix = {arXiv},
       eprint = {1603.03040},
 primaryClass = {astro-ph.SR},
       adsurl = {https://ui.adsabs.harvard.edu/abs/2016arXiv160303040C},
      adsnote = {Provided by the SAO/NASA Astrophysics Data System}
}

